<?xml version="1.0" encoding="UTF-8"?><collection xmlns="http://www.loc.gov/MARC21/slim"><record><leader>00363nam--2200133-i-4500</leader><controlfield tag="001">000003170</controlfield><controlfield tag="002">20161230</controlfield><controlfield tag="005">20170220181854</controlfield><controlfield tag="008">060222s1000------------r-----000-0-eng-d</controlfield><datafield ind1=" " ind2=" " tag="100"><subfield code="a">Braunbek, Werner</subfield></datafield><datafield ind1=" " ind2=" " tag="245"><subfield code="a">Forscher erschuttern die welt. Das drama des atomkerns</subfield></datafield><datafield ind1=" " ind2=" " tag="260"><subfield code="a">Stuttgart, ,</subfield><subfield code="b">Kosmos Bucher</subfield><subfield code="c">1957</subfield></datafield><datafield ind1=" " ind2=" " tag="300"><subfield code="a">307 p</subfield></datafield><datafield ind1=" " ind2=" " tag="CAT"><subfield code="a">SYS</subfield><subfield code="c">20170220</subfield><subfield code="h">181854</subfield></datafield></record></collection>